@inproceedings{abujar2019bengali,
  title={Bengali text generation using bi-directional RNN},
  author={Abujar, Sheikh and Masum, Abu Kaisar Mohammad and Chowdhury, SM Mazharul Hoque and Hasan, Mahmudul and Hossain, Syed Akhter},
  booktitle={2019 10th International Conference on Computing, Communication and Networking Technologies (ICCCNT)},
  pages={1--5},
  year={2019},
  organization={IEEE}
}

@inproceedings{buddana2021word,
  title={Word level LSTM and recurrent neural network for automatic text generation},
  author={Buddana, Harsha Vardhana Krishna Sai and Kaushik, Surampudi Sai and Manogna, PVS and PS, Shijin Kumar},
  booktitle={2021 International Conference on Computer Communication and Informatics (ICCCI)},
  pages={1--4},
  year={2021},
  organization={IEEE}
}

@article{islam2019sequence,
  title={Sequence-to-sequence Bangla sentence generation with LSTM recurrent neural networks},
  author={Islam, Md Sanzidul and Mousumi, Sadia Sultana Sharmin and Abujar, Sheikh and Hossain, Syed Akhter},
  journal={Procedia Computer Science},
  volume={152},
  pages={51--58},
  year={2019},
  publisher={Elsevier}
}

@inproceedings{zhang2014chinese,
  title={Chinese poetry generation with recurrent neural networks},
  author={Zhang, Xingxing and Lapata, Mirella},
  booktitle={Proceedings of the 2014 conference on empirical methods in natural language processing (EMNLP)},
  pages={670--680},
  year={2014}
}

@article{wang2020automatic,
  title={Automatic paper writing based on a RNN and the TextRank algorithm},
  author={Wang, Hei-Chia and Hsiao, Wei-Ching and Chang, Sheng-Han},
  journal={Applied Soft Computing},
  volume={97},
  pages={106767},
  year={2020},
  publisher={Elsevier}
}

@inproceedings{kandhari2014gps,
  title={GPS based complaint redressal system},
  author={Kandhari, Vishesh K and Mohinani, Keertika D},
  booktitle={2014 IEEE Global Humanitarian Technology Conference-South Asia Satellite (GHTC-SAS)},
  pages={51--56},
  year={2014},
  organization={IEEE}
}

@article{pandey2023natural,
  title={Natural language generation using sequential models: A survey},
  author={Pandey, Abhishek Kumar and Roy, Sanjiban Sekhar},
  journal={Neural Processing Letters},
  volume={55},
  number={6},
  pages={7709--7742},
  year={2023},
  publisher={Springer}
}

@book{satapathy2017information,
  title={Information and Communication Technology for Intelligent Systems (ICTIS 2017)-Volume 2},
  author={Satapathy, Suresh Chandra and Joshi, Amit},
  volume={84},
  year={2017},
  publisher={Springer}
}

@inproceedings{chakraborty2020study,
  title={Study of Dependency on number of LSTM units for Character based Text Generation models},
  author={Chakraborty, Shayak and Banik, Jayanta and Addhya, Shubham and Chatterjee, Debraj},
  booktitle={2020 International Conference on Computer Science, Engineering and Applications (ICCSEA)},
  pages={1--5},
  year={2020},
  organization={IEEE}
}